<collection xmlns="http://www.loc.gov/MARC21/slim">
<record>
  <leader>01266nam0a22002651i 450 </leader>
  <controlfield tag="001">IT\ICCU\CNCE\034117</controlfield>
  <controlfield tag="005">20060630000000.0</controlfield>
  <datafield tag="012" ind1=" " ind2=" ">
    <subfield code="a">a-am 46t. uti- ille (3) 1574 (R)</subfield>
    <subfield code="2">fei</subfield>
  </datafield>
  <datafield tag="100" ind1=" " ind2=" ">
    <subfield code="a">19971229d1574        0itac0103    ba</subfield>
  </datafield>
  <datafield tag="101" ind1=" " ind2=" ">
    <subfield code="a">LAT</subfield>
  </datafield>
  <datafield tag="102" ind1=" " ind2=" ">
    <subfield code="a">IT</subfield>
  </datafield>
  <datafield tag="200" ind1="1" ind2=" ">
    <subfield code="a">Decreta condita in concilio prouinciali Mediolanen. secundo sub ... Carolo cardinali Borrhomaeo archiepiscopo Mediolani. Adiunctae praeterea sunt pontificiae alique constitutiones quarum mentio in his ipsis decretis extat</subfield>
  </datafield>
  <datafield tag="210" ind1=" " ind2=" ">
    <subfield code="a">Nouariae</subfield>
    <subfield code="c">apud Franciscum Sesallum</subfield>
    <subfield code="d">1574</subfield>
  </datafield>
  <datafield tag="215" ind1=" " ind2=" ">
    <subfield code="a">\14!, 11-166, \1! p.</subfield>
    <subfield code="d">8ʻ</subfield>
  </datafield>
  <datafield tag="300" ind1=" " ind2=" ">
    <subfield code="a">Eliminata perch ̈ ̈la CNC48391</subfield>
  </datafield>
  <datafield tag="620" ind1=" " ind2=" ">
    <subfield code="a">IT</subfield>
    <subfield code="d">Novara</subfield>
  </datafield>
  <datafield tag="710" ind1="0" ind2="2">
    <subfield code="a">Milano</subfield>
    <subfield code="c"> &lt;Provincia ecclesiastica&gt;</subfield>
    <subfield code="3">7102</subfield>
  </datafield>
  <datafield tag="712" ind1="0" ind2="0">
    <subfield code="a">Sesalli, Francesco</subfield>
    <subfield code="3">IT\ICCU\CNCT\001031</subfield>
    <subfield code="4">650</subfield>
  </datafield>
  <datafield tag="791" ind1="0" ind2="2">
    <subfield code="a">Provincia Mediolanensis</subfield>
    <subfield code="3">26357</subfield>
    <subfield code="z">Milano &lt;Provincia ecclesiastica&gt;</subfield>
  </datafield>
  <datafield tag="791" ind1="0" ind2="0">
    <subfield code="a">Sexallus, Franciscus</subfield>
    <subfield code="3">IT\ICCU\CNCT\004090</subfield>
    <subfield code="z">Sesalli, Francesco</subfield>
  </datafield>
  <datafield tag="791" ind1="0" ind2="0">
    <subfield code="a">Sesallus, Franciscus</subfield>
    <subfield code="3">IT\ICCU\CNCT\005657</subfield>
    <subfield code="z">Sesalli, Francesco</subfield>
  </datafield>
  <datafield tag="791" ind1="0" ind2="0">
    <subfield code="a">Sesallo, Francesco</subfield>
    <subfield code="3">IT\ICCU\CNCT\005658</subfield>
    <subfield code="z">Sesalli, Francesco</subfield>
  </datafield>
  <datafield tag="801" ind1=" " ind2="3">
    <subfield code="a">IT</subfield>
    <subfield code="b">ICCU</subfield>
    <subfield code="c">20201114</subfield>
  </datafield>
  <datafield tag="899" ind1=" " ind2=" ">
    <subfield code="a">Biblioteca del Consiglio di Stato. Roma</subfield>
    <subfield code="1">RM0575</subfield>
    <subfield code="2">RMG CS</subfield>
  </datafield>
  <datafield tag="899" ind1=" " ind2=" ">
    <subfield code="a">Biblioteca storica della Provincia di Torino. Torino</subfield>
    <subfield code="1">TO0277</subfield>
    <subfield code="2">TO0 06</subfield>
  </datafield>
</record>
</collection>
